<?xml version="1.0" encoding="UTF-8"?><collection xmlns="http://www.loc.gov/MARC21/slim"><record><leader>00532nam--2200133-i-4500</leader><controlfield tag="001">000016558</controlfield><controlfield tag="002">20161230</controlfield><controlfield tag="005">20161230201031</controlfield><controlfield tag="008">060222s1000------------r-----000-0-eng-d</controlfield><datafield ind1=" " ind2=" " tag="080"><subfield code="a">539.1.074(043)</subfield></datafield><datafield ind1=" " ind2=" " tag="100"><subfield code="a">Cimpoca, Gheorghe-valerica</subfield></datafield><datafield ind1=" " ind2=" " tag="245"><subfield code="a">Contributii la realizarea si studiul proprieta tilor ale detectoarelor pantru radiatii din sp ectrul vizibil, infrarosu apropriat si indepar tat, x, gama si pentru particule incarcate, fa bricate din siliciu monocristalin.teza</subfield></datafield><datafield ind1=" " ind2=" " tag="260"><subfield code="a">Bucuresti, Ifa, 1996. 158 P</subfield></datafield><datafield ind1=" " ind2=" " tag="852"><subfield code="a">80603</subfield></datafield></record></collection>